@misc{container,
	author = {{RedHat}},
	title = {{O que é um container Linux?}},
	year = {2018},
	month = {May},
	note = {[Online; accessed 24. May 2018]},
	url = {https://www.redhat.com/pt-br/topics/containers/whats-a-linux-container}
}

@book{Lengyel2011Jun,
	author = {Lengyel, Eric},
	title = {{Mathematics for 3D Game Programming and Computer Graphics, Third Edition}},
	year = {2011},
	month = {Jun},
	isbn = {978-143545886-4},
	publisher = {Cengage Learning PTR},
	url = {https://www.amazon.com/Mathematics-Programming-Computer-Graphics-Third/dp/1435458869}
}

@misc{battlefield3,
	title = {{Battlefield}},
	author = {DICE},
	year = {2013},
	month = {May},
	note = {[Online; accessed 8. May 2018]},
	url = {https://www.battlefield.com/pt-br}
}

@misc{fifa2018,
	title = {{FIFA 18 - Soccer Video Game - EA SPORTS Official Site}},
	author = {EA},
	year = {2018},
	month = {May},
	note = {[Online; accessed 8. May 2018]},
	url = {https://www.easports.com/fifa}
}

@misc{eurotruck2,
	author = {SCS},
	title = {{Euro Truck Simulator 2}},
	journal = {Euro Truck Simulator 2},
	year = {2016},
	month = {May},
	note = {[Online; accessed 8. May 2018]},
	url = {https://eurotrucksimulator2.com}
}

@misc{cuphead,
	title = {{Cuphead}},
	author = {MDHR},
	year = {2017},
	month = {May},
	note = {[Online; accessed 8. May 2018]},
	url = {https://store.steampowered.com/app/268910/Cuphead}
}

@misc{minecraft,
	title = {{How do I play multiplayer?}},
	author = {Mojang},
	year = {2009},
	month = {Apr},
	note = {[Online; accessed 8. May 2018]},
	url = {https://help.mojang.com/customer/en/portal/articles/429052-how-do-i-play-multiplayer-}
}

@misc{lol_how_work_games,
	title = {{Guia do Novo Jogador}},
	author = {Riot},
	year = {2009},
	month = {May},
	note = {[Online; accessed 8. May 2018]},
	url = {https://br.leagueoflegends.com/pt/game-info/get-started/new-player-guide}
}

@misc{eoe3,
	title = {{Age of Empires III - Age of Empires}},
	author = {Microsoft},
	year = {2005},
	month = {May},
	note = {[Online; accessed 8. May 2018]},
	url = {https://www.ageofempires.com/games/aoeiii}
}

@misc{starcraft2,
	title = {{StarCraft II}},
	author = {Blizzard},
	year = {2010},
	month = {May},
	note = {[Online; accessed 8. May 2018]},
	url = {https://starcraft2.com/en-us}
}

@inproceedings{faber,
 author = {Farber, Johannes},
 title = {Network Game Traffic Modelling},
 booktitle = {Proceedings of the 1st Workshop on Network and System Support for Games},
 series = {NetGames '02},
 year = {2002},
 isbn = {1-58113-493-2},
 location = {Braunschweig, Germany},
 pages = {53--57},
 numpages = {5},
 url = {http://doi.acm.org/10.1145/566500.566508},
 doi = {10.1145/566500.566508},
 acmid = {566508},
 publisher = {ACM},
 address = {New York, NY, USA},
}

@article{borella,
author = {Borella, M.S},
year = {2000},
month = {02},
pages = {403-410},
title = {Research note: Source models of network game traffic},
volume = {23},
booktitle = {Computer Communications}
}

@INPROCEEDINGS{507915,
author={M. J. Zelesko and D. R. Cheriton},
booktitle={Proceedings of 16th International Conference on Distributed Computing Systems},
title={Specializing object-oriented RPC for functionality and performance},
year={1996},
volume={},
number={},
pages={175-187},
keywords={distributed processing;multiprocessing programs;multiprocessing systems;object-oriented programming;remote procedure calls;Distributed Interactive Simulation;Internet video;communication semantics;distributed processing;messaging protocols;object-oriented;object-oriented RPC;remote procedure call;Access protocols;Application software;Computational modeling;Computer languages;Computer science;Distributed processing;Hardware;Multicast protocols;Object oriented modeling;Software performance},
doi={10.1109/ICDCS.1996.507915},
ISSN={},
month={May},}

@book{Deza2009Aug,
	author = {Michel Marie Deza, Elena Deza},
	title = {{Encyclopedia of Distances}},
	year = {2009},
	month = {Aug},
	isbn = {978-364200233-5},
	publisher = {Springer},
	url = {https://www.amazon.com/Encyclopedia-Distances-Michel-Marie-Deza/dp/3642002331}
}

@INPROCEEDINGS{7008965,
author={E. Howard and C. Cooper and M. P. Wittie and S. Swinford and Q. Yang},
booktitle={2014 13th Annual Workshop on Network and Systems Support for Games},
title={Cascading impact of lag on Quality of Experience in cooperative multiplayer games},
year={2014},
volume={},
number={},
pages={1-6},
keywords={computer games;quality of experience;user interfaces;QoE;cascade function;cascading effect;cascading impact;cooperative group;game state data;lag mitigation strategies;online cooperative multiplayer games;online game research;player frustration;player network conditions;quality of experience;Cities and towns;Correlation;Delays;Electroencephalography;Games;Servers},
doi={10.1109/NetGames.2014.7008965},
ISSN={2156-8138},
month={Dec},}


@article{mmorpg_culture,
author = {Allan Asbjorn Jon},
year = {2010},
month = {01},
pages = {97-112},
title = {The Development of MMORPG Culture and The Guild},
volume = {25},
booktitle = {Australian Folklore: A Yearly Journal of Folklore Studies}
}


@article{Ikem2018May,
	author = {Ikem, Okonkwo Vincent},
	title = {{How We Solved Authentication and Authorization in Our Microservice Architecture}},
	journal = {Initiate},
	year = {2018},
	month = {May},
	publisher = {Initiate},
	url = {https://initiate.andela.com/how-we-solved-authentication-and-authorization-in-our-microservice-architecture-994539d1b6e6}
}

@misc{rfc7519,
	title = {{JSON Web Token (JWT)}},
	author = {M. Jones AND J. Bradley AND Ping Identity AND N. Sakimura},
	year = {2015},
	month = {Apr},
	note = {[Online; accessed 1. May 2018]},
	url = {https://tools.ietf.org/html/rfc7519}
}

@misc{statista_2018_mmo,
	title = {{Global PC/MMO revenue 2015}},
	author = {Statista},
	journal = {Statista},
	year = {2018},
	month = {May},
	note = {[Online; accessed 1. May 2018]},
	url = {https://www.statista.com/statistics/412555/global-pc-mmo-revenues}
}

@INPROCEEDINGS{6374456,
author={M. Suznjevic and M. Matijasevic},
booktitle={2012 IEEE International Workshop on Haptic Audio Visual Environments and Games (HAVE 2012) Proceedings},
title={Towards reinterpretation of interaction complexity for load prediction in cloud-based MMORPGs},
year={2012},
volume={},
number={},
pages={148-149},
keywords={behavioural sciences;cloud computing;computer games;virtual reality;cloud-based MMORPG player behavior categories;interaction complexity;load prediction;massively multiplayer online role-playing games;virtual world;Complexity theory;Games;History;Load modeling;Prediction algorithms;Predictive models;Servers},
doi={10.1109/HAVE.2012.6374456},
ISSN={},
month={Oct},}

@book{LeckyThompson2008Nov,
	author = {Lecky Thompson, Guy W},
	title = {{Fundamentals of Network Game Development}},
	year = {2008},
	month = {Nov},
	isbn = {978-158450557-0},
	publisher = {Cengage Learning},
	url = {https://www.amazon.com/Fundamentals-Network-Game-Development-Lecky-Thompson/dp/1584505575}
}

@misc{BibEntry2015Jun,
	title = {On the Challenge and Design of Transport Protocols for MMORPGs},
	year = {2015},
	month = {Jun},
	note = {[Online; accessed 23. Apr. 2018]},
	url = {http://www.iis.sinica.edu.tw/\~swc/pub/tcp_mmorpg.html}
}

@book{Chadwick2012Oct,
	author = {Chadwick, Jess and Snyder, Todd and Panda, Hrusikesh},
	title = {{Programming ASP.NET MVC 4: Developing Real-World Web Applications with ASP.NET MVC}},
	year = {2012},
	month = {Oct},
	isbn = {978-144932031-7},
	publisher = {O'Reilly Media},
	url = {https://www.amazon.com/Programming-ASP-NET-MVC-Developing-Applications/dp/1449320317}
}

@book{Nadareishvili2016Aug,
	author = {Nadareishvili, Irakli and Mitra, Ronnie and McLarty, Matt and Amundsen, Mike},
	title = {{Microservice Architecture: Aligning Principles, Practices, and Culture}},
	year = {2016},
	month = {Aug},
	isbn = {978-149195625-0},
	publisher = {O'Reilly Media},
	url = {https://www.amazon.com/Microservice-Architecture-Aligning-Principles-Practices/dp/1491956259}
}

@book{Newman2015Feb,
	author = {Newman, Sam},
	title = {{Building Microservices}},
	year = {2015},
	month = {Feb},
	isbn = {978-149195035-7},
	publisher = {O'Reilly Media},
	url = {https://www.amazon.com.br/Building-Microservices-Sam-Newman/dp/1491950358}
}

@misc{guinness_runescape,
	title = {{Greatest aggregate time playing an MMO or MMORPG videogame (all players)}},
	author = {Guinness},
	journal = {Guinness World Records},
	year = {2013},
	month = {jul},
	note = {[Online; accessed 23. Apr. 2018]},
	url = {http://www.guinnessworldrecords.com/world-records/most-popular-free-mmorpg}
}

@book{Beck2004Nov,
	author = {Beck, Kent and Andres, Cynthia},
	title = {{Extreme Programming Explained: Embrace Change, 2nd Edition (The XP Series)}},
	year = {2004},
	month = {Nov},
	isbn = {978-032127865-4},
	publisher = {Addison-Wesley},
	url = {https://www.amazon.com/Extreme-Programming-Explained-Embrace-Change/dp/0321278658}
}

@book{Freeman2009Oct,
	author = {Freeman, Steve and Pryce, Nat},
	title = {{Growing Object-Oriented Software, Guided by Tests}},
	year = {2009},
	month = {Oct},
	isbn = {978-032150362-6},
	publisher = {Addison-Wesley Professional},
	url = {https://www.amazon.com.br/Growing-Object-Oriented-Software-Guided-Tests/dp/0321503627}
}

@article{Clarke2015,
	author = {Clarke, Rachel I. and Lee, Jin Ha and Clark, Neils},
	title = {{Why Video Game Genres Fail: A Classificatory Analysis}},
	journal = {SURFACE},
	year = {2015},
	doi = {10.1177/1555412015591900}
}

@misc{statisita_consumo_rede,
	title = {{Global internet gaming traffic 2021 {$\vert$} Statistic}},
	author = {Statista},
	journal = {Statista},
	year = {2018},
	month = {Apr},
	note = {[Online; accessed 19. Apr. 2018]},
	url = {https://www.statista.com/statistics/267190/traffic-forecast-for-internet-gaming}
}

@misc{sherlock_dengue,
	title = {Sherlock Dengue 8: The Neighborhood - Um jogo sério colaborativo-cooperativo para combate à dengue},
	author = {Diego Buchinger},
	year = {2014},
	month = {jun},
	note = {Online; accessed 17. Apr. 2018},
	url = {http://www.udesc.br/arquivos/cct/id_cpmenu/1024/diego_buchinger__1__15167055468902_1024.pdf}
}

@misc{trindade2018Apr,
	author = {Almerindo Trindade},
	title = {Classificação Indicativa - Ministério da Justiça},
	year = {2018},
	month = {Apr},
	note = {Online; accessed 17. Apr. 2018},
	url = {http://www.justica.gov.br/seus-direitos/classificacao}
}

@misc{lol_sportv,
	title = {{League of Legends ganha torneio de fim de ano organizado pela ABCDE}},
  author = {SporTV},
	journal = {SporTV},
	year = {2018},
	month = {Apr},
	note = {[Online; accessed 17. Apr. 2018]},
	url = {https://sportv.globo.com/site/e-sportv/noticia/league-of-legends-ganha-torneio-de-fim-de-ano-organizado-pela-abcde.ghtml}
}

@misc{tecmundo_secondlife,
	title = {{8 dos maiores mundos virtuais que já conhecemos}},
	journal = {TecMundo - Descubra e aprenda tudo sobre tecnologia},
  author = {Nulton Kleina},
	year = {2018},
	month = {Apr},
	note = {[Online; accessed 17. Apr. 2018]},
	url = {https://www.tecmundo.com.br/internet/129103-habbo-second-life-8-maiores-mundos-virtuais-conhecemos.htm}
}

@misc{lol_statista,
	title = {{LoL player share by region 2017}},
  author = {Statista},
	journal = {Statista},
	year = {2018},
	month = {Apr},
	note = {Online; accessed 17. Apr. 2018},
	url = {https://www.statista.com/statistics/711469/league-of-legends-lol-player-distribution-by-region}
}


@book{rollings2003andrew,
  title={Andrew Rollings and Ernest Adams on Game Design},
  author={Rollings, A. and Adams, E.},
  isbn={9781592730018},
  lccn={2002110543},
  series={NRG Series},
  url={https://books.google.com.br/books?id=Qc19ChiOUI4C},
  year={2003},
  publisher={New Riders}
}


@book{adams_1208533,
 author = {Ernest Adams, Andrew Rollings},
 title = {Fundamentals of Game Design (Game Design and Development Series)},
 year = {2006},
 isbn = {0131687476},
 publisher = {Prentice-Hall, Inc.},
 address = {Upper Saddle River, NJ, USA}
}

@ONLINE {atari_age,
  author = "Albert Yarusso",
  title = "2600 Consoles and Clones",
  month = "oct",
  year = "2006",
  url = {http://www.atariage.com/2600/archives/consoles.html}
}


@misc{patents1947Jan,
	title = {"Cathode-ray tube amusement device"},
	year = {1947},
	month = {Jan},
	author = {Thomas Goldsmith},
	note = {"Online; accessed 15. Apr. 2018"},
	url = {https://patents.google.com/patent/US2455992}
}

@book{Adams2014Jan,
	author = {Adams, Ernest},
	title = {{Fundamentals of Game Design}},
	year = {2014},
	month = {Jan},
	isbn = {978-032192967-9},
	publisher = {New Riders Publishing},
	url = {https://www.amazon.com.br/Fundamentals-Game-Design-Ernest-Adams/dp/0321929675}
}

@misc{pov_panix,
	title = {{Point of View and "Intrarealism" in Hitchcock}},
	year = {2018},
	month = {Apr},
	note = {[Online; accessed 11. Apr. 2018]},
	url = {http://www.panix.com/~sallitt/intrarealism.html},
  author = "Daniel Sillitt"
}

@ONLINE{google_trends:2018,
    author = "Google",
    title  = "Microservices - Explore - Google  Trends",
    month  = "mar",
    year   = "2018",
    url    = {https://trends.google.com.br/trends/explore?q=Microservices}
}

@book{newman2015building,
  title={Building Microservices: Designing Fine-Grained Systems},
  author={Newman, S.},
  isbn={9781491950333},
  url={https://books.google.com.br/books?id=jjl4BgAAQBAJ},
  year={2015},
  publisher={O'Reilly Media}
}


@INPROCEEDINGS{8169955,
author={C. A. J. Acevedo and J. P. Gómez y Jorge and I. R. Patiño},
booktitle={2017 6th International Conference on Software Process Improvement (CIMPS)},
title={Methodology to transform a monolithic software into a microservice architecture},
year={2017},
volume={},
number={},
pages={1-6},
keywords={Internet;program testing;software architecture;software maintenance;software prototyping;software quality;Web applications;anti-design patterns;centralized design;continuous integration;controlled transformation;design implementation testing;development methodology;development teams;distributed architecture;evolutionary life cycle;functional subdomains;microservice architecture;monolithic application;monolithic architecture;monolithic software;monolithic system;open source monolith application;quality assurance;software construction;staggered transformation;traditional design;Computer architecture;Fractionation;Semiconductor optical amplifiers;Service-oriented architecture;Transforms;Unified modeling language;cloud computing;decoupling;denormalization;development methodology;distributed application;fractionation;microservices;monolith;refactoring;transformation},
doi={10.1109/CIMPS.2017.8169955},
ISSN={},
month={Oct},
address={Zacatecas, Mexico},
publisher={IEEE}}


@INPROCEEDINGS{7515686,
author={M. Villamizar and O. Garcés and L. Ochoa and H. Castro and L. Salamanca and M. Verano and R. Casallas and S. Gil and C. Valencia and A. Zambrano and M. Lang},
booktitle={2016 16th IEEE/ACM International Symposium on Cluster, Cloud and Grid Computing (CCGrid)},
title={Infrastructure Cost Comparison of Running Web Applications in the Cloud Using AWS Lambda and Monolithic and Microservice Architectures},
year={2016},
volume={},
number={},
pages={179-182},
keywords={Web services;cloud computing;software architecture;AWS lambda;Amazon;Internet companies;LinkedIn;Netflix;Web applications;Web service;cloud computing;cloud customer;cloud provider;infrastructure cost comparison;microservice architecture pattern;monolithic architecture;software architecture;Cloud computing;Companies;Computer architecture;Logic gates;Service-oriented architecture;Time factors;AWS Lambda;Amazon Web Services;cloud computing;microservice architecture;microservices;scalable applications;service oriented architectures;software architecture;software engineering},
doi={10.1109/CCGrid.2016.37},
ISSN={},
month={May},
address={Cartagena, Colombia},
publisher={IEEE}
}


@INPROCEEDINGS{7830692,
author={H. Khazaei and C. Barna and N. Beigi-Mohammadi and M. Litoiu},
booktitle={2016 IEEE International Conference on Cloud Computing Technology and Science (CloudCom)},
title={Efficiency Analysis of Provisioning Microservices},
year={2016},
volume={},
number={},
pages={261-268},
keywords={Web services;cloud computing;program testing;software performance evaluation;Amazon EC2 cloud;Docker technology family;capacity planning;cloud applications;efficiency analysis;large scale microservices;microservice architecture;microservice platforms;microservice provisioning;performance analytical model;software engineering cycle;tractable analytical performance model;what-if analysis;Analytical models;Cloud computing;Computational modeling;Containers;Runtime;Time factors;Virtualization;Infrastructure-as-a-Service;Markov chain;Platform-as-a-Service;cloud computing;container;microservice;performance analysis;stochastic process;virtualization},
doi={10.1109/CloudCom.2016.0051},
ISSN={},
month={Dec},
address={Luxembourg, Austria},
publisher={IEEE}}


@INPROCEEDINGS{1417630,
author={Gao Huang and Meng Ye and Long Cheng},
booktitle={IEEE Global Telecommunications Conference Workshops, 2004. GlobeCom Workshops 2004.},
title={Modeling system performance in MMORPG},
year={2004},
volume={},
number={},
pages={512-518},
keywords={computer games;network servers;resource allocation;traffic;first personal shooter;game server performance in;load balancing;massive multiplayer online role play game;network traffic modeling;player-related distribution pattern;Internet;Load management;Measurement;Network servers;Pattern analysis;Round robin;System performance;Telecommunication traffic;Traffic control;Web server},
doi={10.1109/GLOCOMW.2004.1417630},
ISSN={},
month={Nov},
address={Northwestern University, USA},
publisher={IEEE}}

@INPROCEEDINGS{6267019,
author={J. Saldana and L. Sequeira and J. Fernández-Navajas and J. Ruiz-Mas},
booktitle={2012 International Symposium on Performance Evaluation of Computer Telecommunication Systems (SPECTS)},
title={Traffic optimization for TCP-based Massive Multiplayer Online Games},
year={2012},
volume={},
number={},
pages={1-8},
keywords={bandwidth allocation;computer games;optimisation;telecommunication traffic;transport protocols;MMORPG;TCP/IP header;bandwidth efficiency;bandwidth saving;game-supporting infrastructure;massively multiplayer online role-playing games;soft real-time service;traffic optimization;tunneling-compressing-and-multiplexing;Bandwidth;Context;Games;IP networks;Multiplexing;Protocols;Servers;MMORPG;TCM;header compression;online gaming;real-time},
doi={},
ISSN={},
month={July},
address={Genoa, Italy},
publisher={IEEE}}

@INPROCEEDINGS{6063041,
author={I. Barri and F. Gine and C. Roig},
booktitle={2011 IEEE International Conference on High Performance Computing and Communications},
title={A Hybrid P2P System to Support MMORPG Playability},
year={2011},
volume={},
number={},
pages={569-574},
keywords={computer games;peer-to-peer computing;probability;quality of service;MMORPG playability;QoS;concurrent player;direct mapping;failure probability;gaming aware distribution mechanism;group mapping;high performance computation server;hybrid P2P architecture;latency response;mapping mechanisms;massively multiplayer online role player game;network gamers;virtual world;waiting times;Computer architecture;Delta modulation;Fault tolerance;Games;Scalability;Servers;Latency;MMOG;MMORPG;Mapping;P2P;QoS;Reliability;Scalability},
doi={10.1109/HPCC.2011.80},
ISSN={},
month={Sept},
address={Banff, Alberta, Canada},
publisher={IEEE}}

@ONLINE {matthiasrudy2011,
    author = "Matthias Ruddy",
    title  = "Inside Tibia, The Technical Infrastructure of an MMORPG",
    year   = "2011",
    url    = "http://twvideo01.ubm-us.net/o1/vault/gdceurope2011/slides/Matthias\_Rudy\_ProgrammingTrack\_InsideTibiaArchitecture.pdf"
}

@ONLINE {stephenclarkewillson2017,
    author = "Stephen Clarke Willson",
    title  = "Guild Wars  Microservices and 24/7 Uptime",
    year   = "2017",
    url    = "http://twvideo01.ubm-us.net/o1/vault/gdc2017/Presentations/Clarke-Willson\_Guild Wars 2 microservices.pdf"
}

@ONLINE {albion_online_unite,
    author = "David Salz",
    title  = "Albion Online - A Cross-Platform MMO (Unite Europe 2016, Amsterdam)",
    year   = "2016",
    url    = "https://www.slideshare.net/davidsalz54/albion-online-a-crossplatform-mmo-unite-europe-2016-amsterdam"
}

@ONLINE {joseph_cooper,
    author = "Joseph Cooper",
    title  = "Why and When You Should Adopt Microservices",
    year   = "2017",
    month  = "September",
    url    = "https://pt.slideshare.net/AmazonWebServices/why-microservices"
}



@INPROCEEDINGS{4553340,
  author={D. Martin and A. v. Moorsel and G. Morgan},
  booktitle={2008 11th IEEE International Symposium on Object and Component-Oriented Real-Time Distributed Computing (ISORC)},
  title={Efficient Resource Management for Game Server Hosting},
  year={2008},
  volume={},
  number={},
  pages={593-596},
  keywords={computer games;network servers;resource allocation;game server hosting;resource allocation problem;resource management;Availability;Computer networks;Costs;Distributed computing;File servers;Network servers;Quality of service;Resource management;Scalability;Web server},
  doi={10.1109/ISORC.2008.12},
  ISSN={1555-0885},
  month={May}
}


@book{tsr1980dungeons,
  title={Dungeons and Dragons: Players Handbook},
  author={TSR and Gygax, G.},
  isbn={9780880381048},
  url={https://books.google.com.br/books?id=C79xAAAACAAJ},
  year={1980},
  publisher={T S R, Incorporated}
}

@misc {statista_2016,
    author = "Statista",
    title  = "Statistics and Facts on MMO/MMORPG gaming",
    year   = "2016",
    url    = "https://www.statista.com/topics/2290/mmo-gaming/",
    note = "Acessado em: 19/01/2018"
}

@misc {runescape_online_users,
  author = "Jajex",
  title  = "RuneScape Online Community",
  year   = "2018",
  url    = "http://www.runescape.com/community",
  note = "Acessado em: 01/02/2018 ás 01:05"
}

@misc {statista_2018,
    author = "Statista",
    title  = "Games market revenue worldwide in 2015, 2016 and 2018, by segment and screen (in billion U.S. dollars)",
    year   = "2017",
    url    = "https://www.statista.com/statistics/278181/video-games-revenue-worldwide-from-2012-to-2015-by-source/",
    note = "Acessado em: 19/01/2018"
}

@misc {video_game_technologies,
    author = {Philip Hanna},
    year = "2015",
    title = "Video Game Technologies",
    url    = "https://www.di.ubi.pt/~agomes/tjv/teoricas/01-genres.pdf",
    note = {Acessado em: 19/01/2018}
}

@ONLINE {new_york_times,
    author = "N. Bilton",
    title  = "Search Bits   SEARCH Video Game Industry Continues Major Growth, Gartner Says",
    year   = "2011",
    url    = "https://bits.blogs.nytimes.com/2011/07/05/video-game-industry-continues-major-growth-gartner-says/",
    note = {Acessado em: 19/01/2018}
}

@ARTICLE {cloud_fog,
    author   = "Yuhua Lin,  Haiying Shen",
    title    = "CloudFog: Leveraging Fog to Extend Cloud Gaming for Thin-Client MMOG with High Quality of Service",
    journal  = "IEEE Transactions on Parallel and Distributed Systems",
    year     = "2017",
    volume   = "28",
    number   = "2",
    pages    = "431 - 445",
    month    = "jul",
    crossref = "cloud_fog"
}

@ARTICLE {load_balance,
    author   = "Carlos Eduardo Bezerra,  Cláudio Fernando Geyer",
    title    = "A load balancing scheme for massively multiplayer online games",
    journal  = "Multimedia Tools and Applications",
    year     = "2009",
    volume   = "45",
    number   = "1-3",
    pages    = "263 - 289",
    month    = "oct",
    crossref = "load_balance"
}

@ARTICLE {kd_tree,
    author   = "Carlos Eduardo B. Bezerra, João L. D. Comba, Cláudio F. R. Geyer",
    title    = "A load balancing scheme for massively multiplayer online games",
    journal  = "Computers in Entertainment (CIE) - Theoretical and Practical Computer Applications in Entertainment",
    year     = "2012",
    volume   = "10",
    number   = "1",
    month    = "oct",
    crossref = "load_balance",
    note     = "Artigo No. 5"
}


@ONLINE {escalabilidade_horizontal,
    author = "Locaweb",
    title  = "Performance vs Escalabilidade",
    year   = "2009",
    url    = "http://blog.locaweb.com.br/artigos/tecnologia/performance-vs-escalabilidade/",
    note = {Acessado em: 24/01/2018}
}

@INPROCEEDINGS {mmo_analytic,
  author={J. Y. Kim and J. R. Kim and C. J. Park},
  booktitle={2008 10th International Conference on Advanced Communication Technology},
  title={Methodology for Verifying the load limit point and bottle-neck of a game server using the large scale virtual clients},
  year={2008},
  volume={1},
  number={},
  pages={382-386},
  keywords={client-server systems;computer games;network servers;software agents;agent based load testing architecture;bottle-neck;game server;large scale virtual clients;load limit point;Application software;Computational modeling;Computer industry;Discrete event simulation;Large-scale systems;Network servers;Pervasive computing;Stability;System testing;Virtual environment;Load test;load limit;server performance;virtual client},
  doi={10.1109/ICACT.2008.4493783},
  ISSN={1738-9445},
  month={Feb},
  address={Phoenix Park, Korea},
  publisher={IEEE}
}
